@InProceedings{cJones2003,
  author = 	 "Jones, C.D. and Smith, A.B. and Roberts, E.F.",
  TITLE   =      "A sample paper in conference proceedings",
  booktitle =    "Proc. IEEE ICASSP",
  year = 	 "2003",
  volume = 	 "II",
  pages = 	 "803-806"
}

@Book{eWilliams1999,
  author =       {E.G. Williams},
  title =        {Fourier Acoustics: Sound Radiation and Nearfield Acoustic Holography},
  publisher =    {Academic Press},
  year =         {1999},
  OPTkey =       {},
  OPTvolume =    {},
  OPTnumber =    {},
  OPTseries =    {},
  address =      {London, UK},
  OPTedition =   {},
  OPTmonth =     {},
  OPTnote =      {},
  OPTannote =    {}
}

@Article{aSmith2000,
  author =       "A.B. Smith and C.D. Jones and E.F. Roberts",
  title =        "A sample paper in journals",
  journal = 	 "IEEE Trans. Signal Process.",
  year = 	 "2000",
  volume = 	 "62",
  pages = 	 "291-294",
  month = 	 "Jan."
}

@Misc{dcase2017web,
  howpublished = {\url{http://www.cs.tut.fi/sgn/arg/dcase2017/}}
}

@Misc{ieeedjo,
  howpublished = {\url{http://www.ieee.org/portal/pages/pubs/confpubcenter/register.html}}
}


@Misc{IEEEPDFSpec,
  howpublished = {{PDF} specification for {IEEE} {X}plore,
    \url{https://www2.securecms.com/ICASSP2015/papers/PaperFormat/Author-PDF-Guide-V32.pdf}}
}

@Book{eWilliams1999,
  author =       {E.G. Williams},
  title =        {Fourier Acoustics: Sound Radiation and Nearfield Acoustic Holography},
  publisher =    {Academic Press},
  year =         {1999},
  OPTkey =       {},
  OPTvolume =    {},
  OPTnumber =    {},
  OPTseries =    {},
  address =      {London, UK},
  OPTedition =   {},
  OPTmonth =     {},
  OPTnote =      {},
  OPTannote =    {}
}

@Article{aSmith2000,
  author =       "A.B. Smith and C.D. Jones and E.F. Roberts",
  title =        "A sample paper in journals",
  journal = 	 "IEEE Trans. Signal Process.",
  year = 	 "2000",
  volume = 	 "62",
  pages = 	 "291-294",
  month = 	 "Jan."
}

@Misc{dcase2017web,
  howpublished = {\url{http://www.cs.tut.fi/sgn/arg/dcase2017/}}
}

@Misc{ieeedjo,
  howpublished = {\url{http://www.ieee.org/portal/pages/pubs/confpubcenter/register.html}}
}


@Misc{IEEEPDFSpec,
  howpublished = {{PDF} specification for {IEEE} {X}plore,
    \url{https://www2.securecms.com/ICASSP2015/papers/PaperFormat/Author-PDF-Guide-V32.pdf}}
}

@Book{eWilliams1999,
  author =       {E.G. Williams},
  title =        {Fourier Acoustics: Sound Radiation and Nearfield Acoustic Holography},
  publisher =    {Academic Press},
  year =         {1999},
  OPTkey =       {},
  OPTvolume =    {},
  OPTnumber =    {},
  OPTseries =    {},
  address =      {London, UK},
  OPTedition =   {},
  OPTmonth =     {},
  OPTnote =      {},
  OPTannote =    {}
}

@Article{aSmith2000,
  author =       "A.B. Smith and C.D. Jones and E.F. Roberts",
  title =        "A sample paper in journals",
  journal = 	 "IEEE Trans. Signal Process.",
  year = 	 "2000",
  volume = 	 "62",
  pages = 	 "291-294",
  month = 	 "Jan."
}

@Misc{dcase2017web,
  howpublished = {\url{http://www.cs.tut.fi/sgn/arg/dcase2017/}}
}

@Misc{ieeedjo,
  howpublished = {\url{http://www.ieee.org/portal/pages/pubs/confpubcenter/register.html}}
}


@Misc{IEEEPDFSpec,
  howpublished = {{PDF} specification for {IEEE} {X}plore,
    \url{https://www2.securecms.com/ICASSP2015/papers/PaperFormat/Author-PDF-Guide-V32.pdf}}
}

@inproceedings{DCASE2017challenge,
	Author = "Mesaros, A. and Heittola, T. and Diment, A. and Elizalde, B. and Shah, A. and Vincent, E. and Raj, B. and Virtanen, T.",
	title = "{DCASE} 2017 Challenge Setup: Tasks, Datasets and Baseline System",
	booktitle = "Proceedings of the Detection and Classification of Acoustic Scenes and Events 2017 Workshop (DCASE2017)",
	month = "November",
	note = "submitted",
	year = "2017",
	keywords = "Sound scene analysis, Acoustic scene classification, Sound event detection, Audio tagging, Rare sound events"
}

@ARTICLE{Rumelhart86-LRB,
	author = {{Rumelhart}, D.~E. and {Hinton}, G.~E. and {Williams}, R.~J.
	},
	title = {Learning representations by back-propagating errors},
	journal = {Nature},
	year = 1986,
	month = Oct,
	volume = 323,
	pages = {533-536},
	doi = {10.1038/323533a0},
	adsnote = {Provided by the SAO/NASA Astrophysics Data System}
}

@article{Yann-cnn-1998,
title = "Gradient-based learning applied to document recognition",
keywords = "Convolutional neural networks, Document recognition, Finite state transducers, Gradient-based learning, Graph transformer networks, Machine learning, Neural networks, Optical character recognition (OCR)",
author = "Yann LeCun and LÃ©on Bottou and Yoshua Bengio and Patrick Haffner",
year = "1998",
doi = "10.1109/5.726791",
volume = "86",
pages = "2278--2323",
journal = "Proceedings of the IEEE",
issn = "0018-9219",
publisher = "Institute of Electrical and Electronics Engineers Inc.",
number = "11",
}
@article{Mesaros2016_MDPI,
	author = "Mesaros, Annamaria and Heittola, Toni and Virtanen, Tuomas",
	doi = "10.3390/app6060162",
	title = "Metrics for Polyphonic Sound Event Detection",
	url = "http://www.mdpi.com/2076-3417/6/6/162",
	journal = "Applied Sciences",
	issn = "2076-3417",
	number = "6",
	pages = "162",
	volume = "6",
	year = "2016"
}

@inproceedings{thomas2014analyzing,
  title={Analyzing convolutional neural networks for speech activity detection in mismatched acoustic conditions},
  author={Thomas, Samuel and Ganapathy, Sriram and Saon, George and Soltau, Hagen},
  booktitle={Acoustics, Speech and Signal Processing (ICASSP), 2014 IEEE International Conference On},
  pages={2519--2523},
  year={2014},
  organization={IEEE}
}
@article{bergstra2012random,
	title={Random search for hyper-parameter optimization},
	author={Bergstra, James and Bengio, Yoshua},
	journal={Journal of Machine Learning Research},
	volume={13},
	number={Feb},
	pages={281--305},
	year={2012}
}

@article{srivastava2014dropout,
	title={Dropout: A simple way to prevent neural networks from overfitting},
	author={Srivastava, Nitish and Hinton, Geoffrey and Krizhevsky, Alex and Sutskever, Ilya and Salakhutdinov, Ruslan},
	journal={The Journal of Machine Learning Research},
	volume={15},
	number={1},
	pages={1929--1958},
	year={2014},
	publisher={JMLR. org}
}

@article{zeiler2012adadelta,
	title={ADADELTA: an adaptive learning rate method},
	author={Zeiler, Matthew D},
	journal={arXiv preprint arXiv:1212.5701},
	year={2012}
}

@article{duchi2011adaptive,
	title={Adaptive subgradient methods for online learning and stochastic optimization},
	author={Duchi, John and Hazan, Elad and Singer, Yoram},
	journal={Journal of Machine Learning Research},
	volume={12},
	number={Jul},
	pages={2121--2159},
	year={2011}
}

@ARTICLE{Theano2016short,
	author = {{Theano Development Team}},
	title = "{Theano: A {Python} framework for fast computation of mathematical expressions}",
	journal = {arXiv e-prints},
	volume = {abs/1605.02688},
	primaryClass = "cs.SC",
	keywords = {Computer Science - Symbolic Computation, Computer Science - Learning, Computer Science - Mathematical Software},
	year = 2016,
	month = may,
	url = {http://arxiv.org/abs/1605.02688},
}

@article{hochreiter1997long,
	title={Long short-term memory},
	author={Hochreiter, Sepp and Schmidhuber, J{\"u}rgen},
	journal={Neural computation},
	volume={9},
	number={8},
	pages={1735--1780},
	year={1997},
	publisher={MIT Press}
}